@article{day1984,
  title={Efficient algorithms for agglomerative hierarchical clustering methods},
  author={Day, William HE and Edelsbrunner, Herbert},
  journal={Journal of classification},
  volume={1},
  number={1},
  pages={7--24},
  year={1984},
  publisher={Springer}
}
@phdthesis{smith1997,
  title={Integrated spatial and feature image systems: Retrieval, analysis and compression},
  author={Smith, John R},
  year={1997},
  school={Columbia University}
}
